@Article{ahmad11,
author = {Ahmed, M. J. and Tawari, G. N.},
title = {Solar radiation models---a review},
journal = {International Journal of Energy Research},
year = {2011},
volume = {35},
pages = {271--290}
}
@Article{berberan97,
author = {Berberan-Santos, M. N. and Bodunov, E. N. and Pogliani, L.},
title = {On the barometric formula},
journal = {American Journal of Physics},
year = {1997},
volume = {65},
number = {5},
pages = {404--412}
}
@Article{berger78,
author = {Berger, A. L.},
title = {Long-term variations of daily insolation and quaternary climatic changes},
journal = {Journal of the Atmospheric Sciences},
year = {1978},
volume = {35},
pages = {2362--2367}
}
@Article{berger93,
author = {Berger, A. and Loutre, M.-F. and Tricot, C.},
title = {Insolation and {E}arth's orbital periods},
journal = {Journal of Geophysical Research},
year = {1993},
volume = {98},
number = {D6},
pages = {10341--10362}
}
@Article{bernacchi01,
author = {Bernacchi, C. J. and Singsaas, E. L. and Pimentel, C. and 
         Portis, A. R. Jr. and Long, S. P.},
title = {Improved temperature response functions for models of {R}ubisco-limited
        photosynthesis},
journal = {Plant, Cell and Environment},
year = {2001},
volume = {24},
pages = {253--259}
}
@Article{chen93,
author = {Chen, J. M. and Black, T. A. and Price, D. T. and Carter, R. E.},
title = {Model for calculating photosynthetic photon flux densities in forest 
        openings on slopes},
journal = {Journal of Applied Meteorology},
year = {1993},
volume = {32},
number = {10},
pages = {1656--1665}
}
@Article{cooper69,
author = {Cooper, P. I.},
title = {The absorption of radiation in solar stills},
journal = {Solar Energy},
year = {1969},
volume = {12},
number = {3},
pages = {333--346}
}
@Article{cramer88,
author = {Cramer, W. and Prentice, I. C.},
title = {Simulation of regional soil moisture deficits on a European scale},
journal = {Norsk Geografisk Tidsskrift - Norwegian Journal of Geography},
year = {1988},
volume = {42},
number = {2--3},
pages = {149--151}
}
@Article{crommelynck97,
author = {Crommelynck, D. and Dewitte, S.},
title = {Solar constant temporal and frequency characteristics},
journal = {Solar Physics},
year = {1997},
volume = {173},
pages = {177--191}
}
@Article{dewitte04,
author = {Dewitte, S. and Crommelynck, D. and Mekaoui, S. and Joukoff, A.},
title = {Measurement and uncertainty of the long-term total solar irradiance trend},
journal = {Solar Physics},
year = {2004},
volume = {224},
pages = {209--216}
}
@Article{farquhar80,
author = {Farquhar, G. D. and von Caemmerer, S. and Berry, J. A.},
title = {A biochemical model of photosynthetic {CO}$_2$ assimilation in 
        leaves of {C}$_3$ species},
journal = {Planta},
year = {1980},
volume = {149},
pages = {78--90}
}
@Article{federer82,
author = {Federer, C. A.},
title = {Transpirational supply and demand: plant, soil, and atmospheric 
        effects evaluated by simulation},
journal = {Water Resources Research},
year = {1982},
volume = {18},
number = {2},
pages = {355-362}
}
@Article{frohlich06,
author = {Fr\"{o}hlich, C.},
title = {Solar irradiance variability since 1978: {R}evision of the {PMOD} composite during solar cycle 21},
journal = {Space Science Research},
year = {2006},
volume = {125},
pages = {53--65}
}
@Article{gallego-sala10,
author = {Gallego-Sala, A. V. and Clark, J. M. and House, J. I. and 
         Orr, H. G. and Prentice, I. C. and Smith, P. and Farewell, T. and 
         Chapman, S. J.},
title = {Bioclimatic envelope model of climate change impacts on blanket 
        peatland distribution in {G}reat {B}ritain},
journal = {Climate Research},
year = {2010},
volume = {45},
pages = {151--162}
}
@Article{ge11,
author = {Ge, S. and Smith, R. G. and Jacovides, C. P. and Kramer, M. G. and 
         Carruthers, R. I.},
title = {Dynamics of photosynthetic flux density ({PPFD}) and estimates in 
        coastal northern {C}alifornia},
journal = {Theoretical and Applied Climatology},
year = {2011},
volume = {105},
pages = {107--118}
}
@Article{gould55,
author = {Gould, B. A.},
title = {On Peirce's criterion for the rejection of doubtful observations, 
         with tables for facilitating its application},
journal = {The Astronomical Journal},
year = {1855},
volume = {4},
number = {11},
pages = {81--87}
}
@Article{harris14,
author = {Harris, I. and Jones, P. D. and Osborn, T. J. and Lister, D. H.},
title = {Updated high-resolution grids of monthly climatic observations - the {CRU} {TS}3.10 {D}ataset},
journal = {International Journal of Climatology},
year = {2014},
volume = {34},
pages = {623--642}
}
@Article{huber09,
author = {Huber, M. L. and Perkins, R. A. and Laesecke, A. and Friend, D. G. and Sengers, J. V. and Assael, M. J. and Metaxa, I. N. and Vogel, E. and Mare\u{s}, R. and Miyagawa, K.},
title = {New international formulation for the viscosity of {H}$_2${O}},
journal = {Journal of Physical and Chemical Reference Data},
year = {2009},
volume = {38},
number = {2},
pages = {101--125}
}
@Article{huete02,
author = {Huete, A. and Didan, K. and Miura, T. and Rodriguez, E. P. and 
          Gao, X. and Ferreira, L. G.},
title = {Overview of the radiometric and biophysical performance of the 
         {MODIS} vegetation indices},
journal = {Remote Sensing of Environment},
year = {2002},
volume = {83},
pages = {195--213}
}
@Article{kattge07,
author = {Kattge, J. and Knorr, W.},
title = {Temperature acclimation in a biochemical model of photosynthesis: a reanalysis of data from 36 species},
journal = {Plant, Cell and Environment},
year = {2007},
volume = {30},
pages = {1176--1190}
}
@Article{kopp11,
author = {Kopp, G. and Lean, J. L.},
title = {A new, lower value of total solar irradiance: Evidence and climate 
		significance},
journal = {Geophysical Research Letters},
year = {2011},
volume = {38},
number = {L01706}
}
@Article{krivova10,
author = {Krivova, N. A. and Vieira, L. E. A. and Solanki, S. K.},
title = {Reconstruction of solar spectral irradiance since the {M}aunder 
		minimum},
journal = {Journal of Geophysical Research},
year = {2010},
volume = {115},
number = {A12112}
}
@Article{ku66,
author = {Ku, H.},
title = {Notes on the use of propagation of error formulas},
journal = {Journal of Research of the National Bureau of Standards. Section C: Engineering and Instrumentation},
year = {1966},
volume = {70C},
number = {4},
pages = {263--273}
}
@Article{lhomme97,
author = {Lhomme, J.-P.},
title = {A theoretical basis for the {P}riestley-{T}aylor coefficient},
journal = {Boundary Layer Meteorology},
year = {1997},
volume = {82},
pages = {179--191}
}
@Article{long93,
author = {Long, S. P. and Postl, W. F. and Bolh\'{a}r-Nordenkampf, H. R.},
title = {Quantum yields for uptake of carbon dioxide in C$_3$ vascular plants of contrasting habitats and taxonomic groupings},
journal = {Planta},
year = {1993},
volume = {189},
pages = {226--234}
}
@Article{lovett06,
author = {Lovett, G. M. and Cole, J. J. and Pace, M. L.},
title = {Is net ecosystem production equal to ecosystem carbon accumulation?},
journal = {Ecosystems},
year = {2006},
volume = {9},
pages = {1--4}
}
@Article{maire12,
author = {Maire, V. and Martre, P. and Kattge, J. and Gastal, F. and Esser, G. and Fontaine, S. and Soussana,  J.-F.},
title = {The coordination of leaf photosynthesis links {C} and {N} fluxes in {C}3 plant species},
journal = {PLoS ONE},
year = {2012},
volume = {7},
number = {6},
pages = {1--15}
}
@Article{mccallum09,
author = {McCallum, I. and Wagner, W. and Schmullius, C. and Shvidenko, A. and 
         Obersteiner, M. and Fritz, S. and Nilsson, S.},
title = {Satellite-based terrestrial production efficiency modeling},
journal = {Carbon Balance and Management},
year = {2009},
volume = {4},
number = {8},
pages = {1--14}
}
@Article{mccree72,
author = {McCree, K. J.},
title = {Test of current definitions of photosynthetically active radiation against leaf photosynthesis data},
journal = {Agricultural Meteorology},
year = {1972},
volume = {10},
pages = {443--453}
}
@Article{meek84,
author = {Meek, D. W. and Hatfield, J. L. and Howell, T. A. and Idso, S. B. 
         and Reginato, R. J.},
title = {A generalized relationship between photosynthetically active
        radiation and solar radiation},
journal = {Agronomy Journal},
year = {1984},
volume = {76},
pages = {939--945}
}
@Article{peirce52,
author = {Peirce, B.},
title = {Criterion for the rejection of doubtful observations},
journal = {The Astronomical Journal},
year = {1852},
volume = {2},
number = {21},
pages = {161--163}
}
@Article{prentice93,
author = {Prentice, I. C. and Sykes, M. T. and Cramer, W.},
title = {A simulation model for the transient effects of climate change on forest landscapes},
journal = {Ecological Modelling},
year = {1993},
volume = {65},
pages = {51--70}
}
@Article{prentice14,
author = {Prentice, I. C. and Dong, N. and Gleason, S. M. and Maire, V. and Wright, I. J.},
title = {Balancing the costs of carbon gain and water transport: testing a new theoretical framework for plant functional ecology},
journal = {Ecology Letter},
year = {2014},
volume = {1},
number = {1},
pages = {82--91}
}
@Article{priestley72,
author = {Priestley, C. H. B. and Taylor, R. J.},
title = {On the assessment of surface heat flux and evaporation using large-scale parameters},
journal = {Monthly Weather Review},
year = {1972},
volume = {100},
number = {2},
pages = {81--92}
}
@Article{ruimy95,
author = {Ruimy, A. and Jarvis, P. G. and Baldocchi, D. D. and Saugier, B.},
title = {{CO}$_{2}$ fluxes over plant canopies and solar radiation: a review},
journal = {Advances in Ecological Research},
year = {1995},
volume = {26},
pages = {1--68}
}
@Article{smith37,
author = {Smith, E.},
title = {The influence of light and carbon dioxide on photosynthesis},
journal = {General Physiology},
year = {1937},
volume = {20},
pages = {723--732}
}
@Article{spencer71,
author = {Spencer, J. W.},
title = {Fourier series representation of the position of the sun},
journal = {Search},
year = {1971},
volume = {2},
pages = {172},
url = {http://www.mail-archive.com/sundial@uni-koeln.de/msg01050.html}
}
@Article{stanhill77,
author = {Stanhill, G. and Fuchs, M.},
title = {The relative flux density of photosynthetically active radiation},
journal = {Journal of Applied Ecology},
year = {1977},
volume = {14},
pages = {317--322}
}
@Article{sykesprent95,
author = {Sykes, M. T. and Prentice, I. C.},
title = {Boreal forest futures: modelling the controls on tree species range limits and transient responses to climate change},
journal = {Water, Air, and Soil Pollution},
year = {1995},
volume = {82},
number = {1--2},
pages = {415--428}
}
@Article{sykesprent96,
author = {Sykes, M. T. and Prentice, I. C.},
title = {Climate change, tree species distributions and forest dynamics: a case study in the mixed conifer/northern hardwoods zone in Northern Europe},
journal = {Climate Change},
year = {1996},
volume = {34},
number = {2},
pages = {161--177}
}
@Article{sykes96,
author = {Sykes, M. T. and Prentice, I. C. and Cramer, W.},
title = {A bioclimatic model for the potential distributions of north European tree species under present and future climates},
journal = {Journal of Biogeography},
year = {1996},
volume = {23},
pages = {203--233}
}
@Article{thekaekara71,
author = {Thekaekara, M. P. and Drummond, A. J.},
title = {Standard values for the solar constant and its spectral components},
journal = {Nature Physical Science},
year = {1971},
volume = {229},
pages = {6--9}
}
@Article{wang12,
author = {Wang, H. and Prentice, I. C. and Ni, J.},
title = {Primary production in forests and grasslands in {C}hina: contrasting 
	    environmental responses of light- and water-use efficiency models},
journal = {Biogeosciences},
year = {2012},
volume = {9},
pages = {4689--4705}
}
@Article{willson97,
author = {Willson, R. C.},
title = {Total solar irradiance trend during solar cycles 21 and 22},
journal = {Science},
year = {1997},
volume = {277},
pages = {1963--1965}
}
@Article{xiao05,
author = {Xiao, X. and Zhang, Q. and Hollinger, D. and Aber, J. and 
          Moore, B. III},
title = {Modeling gross primary production of an evergreen needleleaf forest
         using {MODIS} and climate data},
journal = {Ecological Applications},
year = {2005},
volume = {15},
number = {3},
pages = {954--969}
}
@Book{duffie13,
author = {Duffie, J. A. and Beckman, W. A.},
title = {Solar engineering of thermal processes},
publisher = {John Wiley {and} Sons},
year = {2013},
address = {New Jersey},
edition = {4}
}
@Booklet{oglesby98,
title = {Fourier paper},
author = {Oglesby, M.},
howpublished = {Online},
month = {2},
year = {1998},
url = {https://www.mail-archive.com/sundial@uni-koeln.de/msg01050.html}
}
@Booklet{weedon12,
title = {{WATCH} forcing databased on {ERA}-{INTERIM}},
author = {Weedon, G. P. and Gomes, S. and Balsamo, G. and Best, M. J. and Bellouin, N. and Viterbo, P.},
howpublished = {Online},
month = {July},
year = {2012},
url = {ftp://rfdata:forceDATA@ftp.iiasa.ac.at}
}
@InBook{abtew13,
author = {Abtew, W. and Melesse, A.},
title = {Evaporation and Evapotranspiration: Measurements and Estimations},
chapter = {Vapor Pressure Calculation Methods},
address = {New York},
publisher = {Springer},
year = {2013},
pages = {53--54}
}
@InBook{oke87,
author = {Oke, T. R.},
title = {Boundary Layer Climates},
chapter = {Climates of Vegetated Surfaces},
publisher = {Methuen {and} Co.},
year = {1987},
address = {London},
edition = {2},
pages = {117--118}
}
@InBook{stine01,
author = {Stine, W. B. and Geyer, M.},
title = {Power from the Sun},
chapter = {The sun's position},
publisher = {Author},
year = {2001},
note = {Available online: \url{http://www.powerfromthesun.net/Book/chapter03/chapter03.html}}
}
@InBook{ucdavis,
author = {Caldwell, J. and Vahidsafa, A.},
title = {{C}hem{W}iki: The Dynamic Chemistry E-textbook},
chapter = {Propagation of Error},
publisher = {UC Davis},
year = {2014},
OPTtype = {•},
OPTaddress = {•},
OPTedition = {•},
OPTmonth = {•},
OPTpages = {•},
OPTnote = {•},
OPTannote = {•}
}
@InCollection{caldwell14,
author = {Caldwell, J. and Vahidsafa, A.},
title = {Propagation of Error},
booktitle = {{C}hem{W}iki: The Dynamic Chemistry E-textbook},
publisher = {UC Davis},
editor = {D. Larsen},
year = {2014},
month = {Mar},
note = {(accessed online)},
}

@TechReport{allen98,
author = {Allen, R. G. and Pereira, L. S. and Raes, D. and Smith, M.},
title = {FAO Irrigation and Drainage Paper No. 56},
institution = {Food and Agriculture Organization of the United Nations},
year = {1998},
address = {Rome, Italy},
}
@TechReport{cavcar00,
author = {Cavcar, M.},
title = {The {I}nternational {S}tandard {A}tmosphere ({ISA})},
institution = {Anadolu University},
year = {2000},
address = {Eskisehir, Turkey},
url = {http://home.anadolu.edu.tr/~mcavcar/common/ISAweb.pdf}
}
@TechReport{wehrli85,
author = {Wehrli, C.},
title = {Extraterrestrial solar spectrum},
institution = {Physikalisch-Meteorologisches Observatorium/World Radiation 
              Center ({PMO}/{WRC})},
year = {1985},
number = {615},
address = {Davos Dorf, Switzerland},
}
@TechReport{woolf68,
author = {Woolf, H. M.},
title = {On the computation of solar evaluation angles and the determination of sunrise and sunset times},
institution = {{N}ational {A}eronautics {and} {S}pace {A}dministration ({NASA})},
year = {1968},
number = {NASA-TM-X-164},
url = {http://ntrs.nasa.gov/search.jsp?R=19680025707}
}
